%@string{aij = "Artificial Intelligence J."}
@string{aij = "AIJ"}
%@string{acl = "Proc. Assoc. Comp. Ling. {(ACL)}"}
@string{acl = "Proc. ACL"}
@string{acml = "Proc. Asian Conf. on ML"}
%@string{aaai = "Proc. Conf. Am. Assoc. {AI} ({AAAI})"}
@string{aaai = {{AAAI}}}
%@string{acc = "Proc. Am. Control Conf. ({ACC})"}
@string{acc = "ACC"}
%@string{aistats = "Conf. on {AI} and Statistics {(AISTATS)}"}
@string{aistats = "AISTATS"}
%@string{akbc = "Workshop on Automatic Knowledge base Construction"}
@string{akbc = "AKBC Workshop"}
@string{arxiv = "ArXiv"}
@string{ba = "Bayesian Analysis"}
%@string{bmb = "Bulletin of Mathematical Biology"}
@string{bmb = "Bulletin of Math. Bio."}
%@string{bmvc = "British Machine Vision Conference"}
@string{bmvc = "BMVC"}
@string{cabios = "Computer Applications in the Biological Sciences"}
@string{cacm = "Comm. of the {ACM}"}
%@string{chi = {Proc. ACM Conf. on Human Factors in Computing Systems (CHI)}}
@string{chi = "Proc. CHI"}
@string{cikm = "CIKM"}
%@string{coling = "Intl. Conf. on Comp. Linguistics"}
@string{coling = "COLING"}
%@string{colt = "Proc. of the Workshop on Computational Learning Theory"}
@string{colt = "COLT"}
%@string{conll = "Proc. Conf. Natural Language Learning (CoNLL)"}
@string{conll = "CONLL"}
%@string{corl = "Conf. on Robot Learning"}
@string{corl = "CORL"}
%@string{cvpr = "Proc. {IEEE} Conf. Computer Vision and Pattern Recognition {(CVPR)}"}
@string{cvpr = "CVPR"}
@string{cpm = "Symposium on Combinatorial Pattern Matching"}
%@string{eccv = "Proc. European Conf. on Computer Vision {(ECCV)}"}
@string{eccv = "ECCV"}
%@string{ecml = "Proc. European Conf. on Machine Learning {(ECML)}"}
@string{ecml = "ECML"}
%@string{emnlp = "Proc. Empirical Methods in Natural Language Processing {(EMNLP)}"}
@string{emnlp = "EMNLP"}
%@string{focs = "{IEEE} Symposium on the Foundations of Computer Science ({FOCS})"}
@string{focs = "FOCS"}
@string{gecco = "Proc. of the Conf.  on Genetic and Evolutionary Computation"}
@string{hicss = "Hawaii Intl. Conf. on System Sciences"}
%@string{icann = "Intl. Conf. on Artif.  Neural Networks"}
@string{icann = "ICANN"}
%@string{icassp = "Intl. Conf. on Acoustics, Speech and Signal Proc."}
@string{icassp = "ICASSP"}
%@string{iccv = "Intl. Conf. on Computer Vision"}
@string{iccv = "ICCV"}
%@string{icdar = "Intl. Conf. on Document Analysis and Recognition ({ICDAR})"}
@string{icdar = "ICDAR"}
%@string{icde = "Intl. Conf. on Data Engineering"}
@string{icde = "ICDE"}
@string{icdm = "Intl. Conf. on Data Mining"}
@string{icdm = "ICDM"}
%@string{icirs = "{IEEE} Intl. Conf. on Intelligent Robots and Systems"}
@string{icirs = "ICIRS"}
%@string{icip = "Proc. {IEEE} Intl. Conf. on Image Processing"}
@string{icip = "ICIP"}
%@string{iclr = "Intl. Conf. on Learning Representations ({ICLR})"}
@string{iclr = {{ICLR}}}
%@string{icml = "Intl. Conf. on Machine Learning ({ICML})"}
@string{icml = {{ICML}}}
%@string{icnn = "Proc. {IEEE} Intl. Conf. on Neural Networks"}
@string{icnn = "ICNN"}
%@string{icpr = "Intl. Conf. on Pattern Rec."}
@string{icpr = "ICPR"}
%@string{icra = "IEEE Intl. Conf. on Robotics and Automation"}
@string{icra = "ICRA"}
%@string{icslp = "Proc. Intl. Conf. Spoken Lang."}
@string{icslp = "ICSLP"}
%@string{ijcai = "Intl. Joint Conf. on {AI}"}
@string{ijcai = "IJCAI"}
%@string{ijcv = "Intl. J. Computer Vision"}
@string{icjv = "IJCV"}
%@string{ijcnn = "Intl. J. Conf. on Neural Networks"}
@string{ijcnn = "IJCNN"}
%@string{iros = "{IEEE} Intl. Conf. on Intelligent Robots and Systems"}
@string{iros = "IROS"}
%@string{ismb = "Intl. Conf. on Intelligent Systems for Molecular Biology"}
@string{ismb = "ISMB"}
%@string{iswc = "Intl. Semantic Web Conference"}
@string{iswc = "ISWC"}
@string{jacm = "JACM"}
%@string{jair = "J. of AI Research"}
@string{jair = "JAIR"}
%@string{jasa = "J. of the Am. Stat. Assoc. {(JASA)}"}
@string{jasa = "JASA"}
%@string{jcgs = "J. of Computational and Graphical Statistics"}
@string{jcgs = "JCGS"}
@string{jcss = "J. of Comp. and Sys. Sci."}
@string{jmb = "J. of Mol. Bio."}
@string{jme = "J. of Mol. Evol."}
%@string{jmlr = "J. of Machine Learning Research"}
@string{jmlr = "JMLR"}
%@string{jrssa = "JRSSA"}
@string{jrssa = "J. of Royal Stat. Soc. Series A"}
@string{jrssb = "J. of Royal Stat. Soc. Series B"}
@string{jrssc = "J. of Royal Stat. Soc. Series C"}
@string{jtb = "J. of Theoretical Biology"}
%@string{kdd = "Proc. of the Int'l Conf. on Knowledge Discovery and Data Mining"}
@string{kdd = {{KDD}}}
@string{mlj = "Machine Learning J."}
%@string{mlj = "MLJ"}
%@string{naacl = "Proc. of. N. Am. Assoc. of Comp. Ling. ({NAACL})"}
%@string{naacl = "NAACL"}
@string{nar = "Proc. of. Nucleic Acids Research"}
@string{NIPS = {{NIPS}}}
@string{neurips = {{NeurIPS}}}
%@string{pami = "{IEEE} Trans. on Pattern Analysis and Machine Intelligence"}
@string{pami = "{IEEE} PAMI"}
%@string{pnas = "Proc. of the National Academy of Science, {USA}"}
@string{pnas = "PNAS"}
%@string{psb = "Proc. of the Pacific Symp. on Biocomputing"}
@string{psb = "PSB"}
@string{recomb = "RECOMB"}
%@string{rss = "Robotics: Science and Systems conference"}
@string{recsys = {{RecSys}}}
@string{rss = "RSS"}
%@string{sab = "Proc. of the Conf. on Simulation of Adaptive Behavior"}
@string{sab = "SAB"}
%@string{sigir = "{Proc.  Annual Intl.  ACM SIGIR Conference}"}
@string{sigir = "SIGIR"}
@string{sigmod = "SIGMOD"}
%@string{smc = "IEEE Trans. on Systems, Man and Cybernetics"}
@string{smc = "SMC"}
%@string{soda = "{SIAM} Symposium on Discrete Algorithms"}
@string{soda = "SODA"}
@string{spie = "SPIE"}
%@string{stoc = "{ACM} Symposium on the Theory of Computing"}
@string{stoc = "STOC"}
%@string{tacl = "Trans. of the Assoc. Comp. Linguisitics"}
@string{tacl = "TACL"}
%@string{tcs = "Theor. Comput. Sci."}
@string{tcs = "TCS"}
@string{tmlr = "Trans. on Machine Learning Research"}
%@string{uai = "Proc. of the Conf. on Uncertainty in {AI} (UAI)"}
@string{uai = {{UAI}}}
%@string{vldb = "Proc. of the Intl. Conf. on Very Large Data Bases (VLDB)"}
@string{vldb = "VLDB"}
%@string{wacv = "Winter Conf. on Appl. of Comp. Vision"}
@string{wacv = "WACV"}
%@string{www = {{Intl. Conf. on the World Wide Web (WWW)}}}
@string{www = {{WWW}}}
%@string{wsdm = {{Proc. ACM intl. conf. on Web search and data mining (WSDM)}}}
@string{wsdm = "WSDM"}

@book{pml2Book,
    author = "Kevin P. Murphy",
    title = "Probabilistic Machine Learning: Advanced Topics",
    publisher = "MIT Press",
    year = 2023,
    url = "probml.ai"
}


@UNPUBLISHED{Jones2022,
  title    = "Learning in temporally structured environments",
  author   = "Matt Jones and Mike Mozer",
  month    =  sep,
  year     =  2022,
  url      = "https://openreview.net/pdf?id=z0_V5O9cmNw"
}


@ARTICLE{Ollivier2018,
  title     = "Online natural gradient as a Kalman filter",
  author    = "Ollivier, Yann",
  journal   = "Electron. J. Stat.",
  publisher = "The Institute of Mathematical Statistics and the Bernoulli
               Society",
  volume    =  12,
  number    =  2,
  pages     = "2930--2961",
  year      =  2018,
  url       = "https://projecteuclid.org/euclid.ejs/1537257630",
  keywords  = "Statistical learning; natural gradient; Kalman filter;
               stochastic gradient descent",
  language  = "en"
}

@ARTICLE{Tronarp2018,
  title    = "Iterative Filtering and Smoothing in Nonlinear and {Non-Gaussian}
              Systems Using Conditional Moments",
  author   = "Tronarp, Filip and Garc{\'\i}a-Fern{\'a}ndez, {\'A}ngel F and
              S{\"a}rkk{\"a}, Simo",
  journal  = "IEEE Signal Process. Lett.",
  volume   =  25,
  number   =  3,
  pages    = "408--412",

  year     =  2018,
  url      = "https://acris.aalto.fi/ws/portalfiles/portal/17669270/cm_parapub.pdf"
}

@INCOLLECTION{Puskorius2003,
  title     = "Parameter-based Kalman filter training: Theory and
               implementation",
  booktitle = "Kalman Filtering and Neural Networks",
  author    = "Puskorius, Gintaras V and Feldkamp, Lee A",
  publisher = "John Wiley \& Sons, Inc.",
  pages     = "23--67",
  year      =  2003,
  editor = "Simon Haykin",
  url       = "https://onlinelibrary.wiley.com/doi/10.1002/0471221546.ch2",

}


@inproceedings{Singhal1988,
 author = {Singhal, Sharad and Wu, Lance},
 booktitle = nips,
 title = {Training Multilayer Perceptrons with the Extended Kalman Algorithm},
 volume = {1},
 year = {1989}
}

@INPROCEEDINGS{HernandezLobato2015icml,
  title     = "Probabilistic Backpropagation for Scalable Learning of Bayesian
               Neural Networks",
  booktitle = icml,
  author    = "Hern{\'a}ndez-Lobato, Jos{\'e} Miguel and Adams, Ryan P",

  year      =  2015,
  url       = "http://arxiv.org/abs/1502.05336"
}


@INPROCEEDINGS{Ghosh2016,
  title     = "Assumed Density Filtering Methods for Learning Bayesian Neural
               Networks",
  booktitle = aaai,
  author    = "Ghosh, Soumya and Delle Fave, Francesco Maria and Yedidia,
               Jonathan",
  year      =  2016,
  url       = "https://jonathanyedidia.files.wordpress.com/2012/01/assumeddensityfilteringaaai2016final.pdf"
}

@ARTICLE{Tran2021vb,
  title         = "A practical tutorial on Variational Bayes",
  author        = "Tran, Minh-Ngoc and Nguyen, Trong-Nghia and Dao, Viet-Hung",

  year          =  2021,
  url           = "http://arxiv.org/abs/2103.01327",
  archivePrefix = "arXiv",
  primaryClass  = "stat.CO",
  eprint        = "2103.01327"
}


@ARTICLE{Tran2020glm,
  title     = "Bayesian Deep Net {GLM} and {GLMM}",
  author    = "Tran, M-N and Nguyen, N and Nott, D and Kohn, R",
  journal   = "J. Comput. Graph. Stat.",
  publisher = "Taylor \& Francis",
  volume    =  29,
  number    =  1,
  pages     = "97--113",

  year      =  2020,
  url       = "https://doi.org/10.1080/10618600.2019.1637747"
}



@ARTICLE{RVGA,
  title   = "The recursive variational Gaussian approximation ({R-VGA})",
  author  = "Lambert, Marc and Bonnabel, Silv{\`e}re and Bach, Francis",
  journal = "Stat. Comput.",
  volume  =  32,
  number  =  1,
  pages   = "10",
  month   =  dec,
  year    =  2021,
  url     = "https://hal.inria.fr/hal-03086627/document"
}


@ARTICLE{LRVGA,
  title    = "The limited-memory recursive variational Gaussian approximation
              ({L-RVGA})",
  author   = "Lambert, Marc and Bonnabel, Silv{\`e}re and Bach, Francis",
  month    =  dec,
  year     =  2021,
  url      = "https://hal.inria.fr/hal-03501920",
  keywords = "Variational approximation ; factor analysis ;
              expectation-maximization ; Kalman filter ; Bayesian logistic
              regression",
  language = "en"
}


@INPROCEEDINGS{Murtuza1994,
  title     = "Node decoupled extended Kalman filter based learning algorithm
               for neural networks",
  booktitle = "Proceedings of 1994 9th {IEEE} International Symposium on
               Intelligent Control",
  author    = "Murtuza, S and Chorian, S F",
  pages     = "364--369",
  month     =  aug,
  year      =  1994,
  url       = "http://dx.doi.org/10.1109/ISIC.1994.367790",
  keywords  = "Neural networks;Artificial neural networks;Computational
               modeling;Feedforward neural networks;Manufacturing
               systems;Systems engineering and theory;Laboratories;Computer
               languages;Computer architecture;Computer networks"
}


@INPROCEEDINGS{Puskorius1991,
  title     = "Decoupled extended Kalman filter training of feedforward layered
               networks",
  booktitle = "International Joint Conference on Neural Networks",
  author    = "Puskorius, G V and Feldkamp, L A",
  volume    = "i",
  pages     = "771--777 vol.1",

  year      =  1991,
  url       = "http://dx.doi.org/10.1109/IJCNN.1991.155276",
  keywords  = "Computational complexity;Kalman filters;Function
               approximation;Convergence;Pattern classification;Neural
               networks;Filtering;Computer
               applications;Backpropagation;Training data"
}


@INPROCEEDINGS{Broderick2013,
  title     = "Streaming Variational Bayes",
  booktitle = nips,
  author    = "Broderick, Tamara and Boyd, Nicholas and Wibisono, Andre and
               Wilson, Ashia C and Jordan, Michael I",
  year      =  2013,
  url       = "http://arxiv.org/abs/1307.6769"
}

@INPROCEEDINGS{Nguyen2018continual,
  title     = "Variational Continual Learning",
  booktitle = iclr,
  author    = "Nguyen, Cuong V and Li, Yingzhen and Bui, Thang D and Turner,
               Richard E",
  year      =  2018,
  url       = "https://openreview.net/forum?id=BkQqq0gRb"
}


@ARTICLE{Challis2013,
  title   = "Gaussian {Kullback-Leibler} Approximate Inference",
  author  = "Challis, E and Barber, D",
  journal = jmlr,
  volume  =  14,
  pages   = "2239--2286",
  year    =  2013,
  url     = "https://www.jmlr.org/papers/volume14/challis13a/challis13a.pdf"
}




@INPROCEEDINGS{Soudry2014,
  title     = "Expectation backpropagation: Parameter-free training of
               multilayer neural networks with continuous or discrete weights",
  booktitle = nips,
  author    = "Soudry, Daniel and Hubara, Itay and Meir, Ron",
  year      =  2014,
  url       = "https://papers.nips.cc/paper/2014/file/076a0c97d09cf1a0ec3e19c7f2529f2b-Paper.pdf"
}

@ARTICLE{Kamthe2022,
  title    = "Iterative state estimation in non-linear dynamical systems using
              approximate expectation propagation",
  author   = "Kamthe, Sanket and Takao, So and Mohamed, Shakir and Deisenroth,
              Marc Peter",
  journal  = tmlr,
  year     =  2022,
  url      = "https://openreview.net/pdf?id=xyt4wfdo4J"
}



@INPROCEEDINGS{Mishkin2018,
  title     = "{SLANG}: Fast Structured Covariance Approximations for Bayesian
               Deep Learning with Natural Gradient",
  booktitle = nips,
  author    = "Mishkin, Aaron and Kunstner, Frederik and Nielsen, Didrik and
               Schmidt, Mark and Khan, Mohammad Emtiyaz",
  publisher = "Curran Associates, Inc.",
  pages     = "6245--6255",
  year      =  2018
}


@INPROCEEDINGS{Hu2021onepass,
  title     = "One Pass {ImageNet}",
  booktitle = "{NeurIPS} 2021 Workshop on Imagenet: past, present and future",
  author    = "Hu, Huiyi and Li, Ang and Calandriello, Daniele and Gorur, Dilan",
  month     =  nov,
  year      =  2021,
  url       = "http://arxiv.org/abs/2111.01956"
}


@UNPUBLISHED{Sutton2022,
  title  = "Low-level algorithms for continual and meta reinforcement learning",
  author = "Sutton, Richard",
  year   =  2022,
  url    = "http://www.incompleteideas.net/NSERCtechnical2022.pdf"
}


@InProceedings{Immer21a,
  title = "Improving predictions of Bayesian neural nets via local linearization",
  author = {Immer, Alexander and Korzepa, Maciej and Bauer, Matthias},
  booktitle = {Proceedings of The 24th International Conference on Artificial Intelligence and Statistics},
  pages = 	 {703--711},
  year = 	 {2021},
  publisher =    {PMLR},
  url = 	 {https://proceedings.mlr.press/v130/immer21a.html}
}


@INPROCEEDINGS{Blundell2015,
  title     = "Weight Uncertainty in Neural Networks",
  booktitle = icml,
  author    = "Blundell, Charles and Cornebise, Julien and Kavukcuoglu, Koray
               and Wierstra, Daan",

  year      =  2015,
  url       = "http://arxiv.org/abs/1505.05424"
}



@INPROCEEDINGS{Wu2019VB,
  title     = "Fixing Variational Bayes: Deterministic Variational Inference
               for Bayesian Neural Networks",
  booktitle = iclr,
  author    = "Wu, Anqi and Nowozin, Sebastian and Meeds, Edward and Turner,
               Richard E and Hern{\'a}ndez-Lobato, Jos{\'e} Miguel and Gaunt,
               Alexander L",
  year      =  2019,
  url       = "http://arxiv.org/abs/1810.03958"
}


@INPROCEEDINGS{ORFit,
  title     = "{One-Pass} Learning via Bridging Orthogonal Gradient Descent and
               Recursive {Least-Squares}",
  booktitle = "{IEEE} Conference on Decision and Control",
  author    = "Min, Youngjae and Ahn, Kwangjun and Azizan, Navid",
  month     =  jul,
  year      =  2022,
  url       = "http://arxiv.org/abs/2207.13853"
}


@ARTICLE{Bornschein2022,
  title         = "Sequential Learning Of Neural Networks for Prequential {MDL}",
  author        = "Bornschein, Jorg and Li, Yazhe and Hutter, Marcus",
  month         =  oct,
  year          =  2022,
  url           = "http://arxiv.org/abs/2210.07931",
  archivePrefix = "arXiv",
  primaryClass  = "stat.ML",
  eprint        = "2210.07931"
}


@INPROCEEDINGS{Chang2022,
  title     = "On diagonal approximations to the extended Kalman filter for
               online training of Bayesian neural networks",
  booktitle = "Continual Lifelong Learning Workshop at {ACML} 2022",
  author    = "Chang, Peter G and Murphy, Kevin Patrick and Jones, Matt",
  month     =  dec,
  year      =  2022,
  url       = "https://openreview.net/forum?id=asgeEt25kk"
}

@book{Haykin01,
 title = {{Kalman Filtering and Neural Networks}},
 editor = "Simon Haykin",
 year = 2001,
 publisher = "Wiley"
}


@INPROCEEDINGS{Paria2022,
  title     = "Be greedy -- a simple algorithm for blackbox optimization using
               neural networks",
  booktitle = "{ICML2022} Workshop on Adaptive Experimental Design and Active
               Learning in the Real World",
  author    = "Paria, Biswajit and P{\`o}czos, Barnab{\`a}s and Ravikumar,
               Pradeep",
  year      =  2022,
  url       = "https://realworldml.github.io/files/cr/paper64.pdf"
}



@book{Garnett2023,
  author    = {Garnett, Roman},
  title     = {{Bayesian Optimization}},
  year      = {2023},
  publisher = {Cambridge University Press},
  url = {https://bayesoptbook.com/}
}


@ARTICLE{Holzmuller2022,
  title         = "A Framework and Benchmark for Deep Batch Active Learning for
                   Regression",
  author        = "Holzm{\"u}ller, David and Zaverkin, Viktor and K{\"a}stner,
                   Johannes and Steinwart, Ingo",
  month         =  mar,
  year          =  2022,
  url           = "http://arxiv.org/abs/2203.09410",
  archivePrefix = "arXiv",
  primaryClass  = "stat.ML",
  eprint        = "2203.09410"
}


@ARTICLE{Khetarpal2022,
  title   = "Towards Continual Reinforcement Learning: A Review and
             Perspectives",
  author  = "Khetarpal, Khimya and Riemer, Matthew and Rish, Irina and Precup,
             Doina",
  journal = "JAIR",
  year    =  2022,
  url     = "http://arxiv.org/abs/2012.13490"
}


@INPROCEEDINGS{Kuleshov2018,
  title     = "Accurate Uncertainties for Deep Learning Using Calibrated
               Regression",
  booktitle = icml,
  author    = "Kuleshov, Volodymyr and Fenner, Nathan and Ermon, Stefano",
  month     =  jul,
  year      =  2018,
  url       = "http://arxiv.org/abs/1807.00263"
}


@ARTICLE{Dohare2021,
  title         = "Continual Backprop: Stochastic Gradient Descent with
                   Persistent Randomness",
  author        = "Dohare, Shibhansh and Sutton, Richard S and Rupam Mahmood, A",
  month         =  aug,
  year          =  2021,
  url           = "http://arxiv.org/abs/2108.06325",
  archivePrefix = "arXiv",
  primaryClass  = "cs.LG",
  eprint        = "2108.06325"
}


@INPROCEEDINGS{Wolczyk2021,
  title     = "Continual World: A Robotic Benchmark For Continual Reinforcement
               Learning",
  booktitle = nips,
  author    = "Wo{\l}czyk, Maciej and Zaj{\k a}c, Micha{\l} and Pascanu, Razvan
               and Kuci{\'n}ski, {\L}ukasz and Mi{\l}o{\'s}, Piotr",

  year      =  2021,
  url       = "http://arxiv.org/abs/2105.10919"
}


@ARTICLE{Lesort2020,
  title    = "Continual learning for robotics: Definition, framework, learning
              strategies, opportunities and challenges",
  author   = "Lesort, Timoth{\'e}e and Lomonaco, Vincenzo and Stoian, Andrei
              and Maltoni, Davide and Filliat, David and
              D{\'\i}az-Rodr{\'\i}guez, Natalia",
  journal  = "Inf. Fusion",
  volume   =  58,
  pages    = "52--68",
  month    =  jun,
  year     =  2020,
  url      = "https://arxiv.org/abs/1907.00182",
  keywords = "Robotics; Reinforcement Learning; Deep Learning; Lifelong
              Learning; Continual Learning; Catastrophic Forgetting"
}


@INPROCEEDINGS{Kurle2020,
  title     = "Continual Learning with Bayesian Neural Networks for
               {Non-Stationary} Data",
  booktitle = iclr,
  author    = "Kurle, Richard and Cseke, Botond and Klushyn, Alexej and van der
               Smagt, Patrick and G{\"u}nnemann, Stephan",
  year      =  2020,
  url       = "https://openreview.net/forum?id=SJlsFpVtDB"
}


@INPROCEEDINGS{Ash2020,
  title     = "On {Warm-Starting} Neural Network Training",
  booktitle = "{NIPS}",
  author    = "Ash, Jordan T and Adams, Ryan P",
  year      =  2020,
  url       = "https://proceedings.neurips.cc/paper/2020/hash/288cd2567953f06e460a33951f55daaf-Abstract.html"
}


@INPROCEEDINGS{Huang2015,
  title     = "{TencentRec}: Real-time Stream Recommendation in Practice",
  booktitle = "Proceedings of the 2015 {ACM} {SIGMOD} International Conference
               on Management of Data",
  author    = "Huang, Yanxiang and Cui, Bin and Zhang, Wenyu and Jiang, Jie and
               Xu, Ying",
  publisher = "Association for Computing Machinery",
  pages     = "227--238",
  series    = "SIGMOD '15",
  month     =  may,
  year      =  2015,
  url       = "https://doi.org/10.1145/2723372.2742785",
  address   = "New York, NY, USA",
  keywords  = "real-time recommendation, practice, big data, application,
               scalability",
  location  = "Melbourne, Victoria, Australia"
}


@book{Sarkka23,
title = {{Bayesian Filtering and Smoothing (2nd edition)}},
 author = "Simo Sarkka and Lennart Svensson",
publisher = "Cambridge University Press",
 year = 2023
}


@inproceedings{song2020score,
  title={Score-Based Generative Modeling through Stochastic Differential Equations},
  author={Song, Yang and Sohl-Dickstein, Jascha and Kingma, Diederik P and Kumar, Abhishek and Ermon, Stefano and Poole, Ben},
  booktitle = iclr,
  year={2021}
}

@inproceedings{ho2020denoising,
  title={Denoising Diffusion Probabilistic Models},
  author={Ho, Jonathan and Jain, Ajay and Abbeel, Pieter},
  booktitle =nips,
  year={2020}
}


@INPROCEEDINGS{Duran-Martin2022,
  title     = "Efficient Online Bayesian Inference for Neural Bandits",
  booktitle = aistats,
  author    = "Duran-Martin, Gerardo and Kara, Aleyna and Murphy, Kevin",
  year      =  2022,
  url       = "http://arxiv.org/abs/2112.00195"
}


@ARTICLE{Wang2021,
  title   = "Lifelong Incremental Reinforcement Learning with Online Bayesian
             Inference",
  author  = "Wang, Zhi and Chen, Chunlin and Dong, Daoyi",
  journal = "IEEE Transactions on Neural Networks and Learning Systems",
  year    =  2021,
  url     = "http://arxiv.org/abs/2007.14196"
}

@ARTICLE{Zeno2021,
  title    = "{Task-Agnostic} Continual Learning Using Online Variational Bayes
              With {Fixed-Point} Updates",
  author   = "Zeno, Chen and Golan, Itay and Hoffer, Elad and Soudry, Daniel",
  journal  = "Neural Comput.",
  volume   =  33,
  number   =  11,
  pages    = "3139--3177",

  year     =  2021,
  url = "https://arxiv.org/abs/2010.00373",
  language = "en"
}


@INPROCEEDINGS{Ritter2018online,
  title     = "Online Structured Laplace Approximations for Overcoming
               Catastrophic Forgetting",
  booktitle = nips,
  author    = "Ritter, Hippolyt and Botev, Aleksandar and Barber, David",
  pages     = "3738--3748",
  year      =  2018
}


@inproceedings{Daxberger2021laplace,
  title={Laplace Redux--Effortless Bayesian Deep Learning},
  author={Daxberger, Erik and Kristiadi, Agustinus and Immer, Alexander and Eschenhagen, Runa and Bauer, Matthias and Hennig, Philipp},
  booktitle=nips,
  year={2021},
  url = {https://openreview.net/forum?id=gDcaUj4Myhn}
}


@ARTICLE{Wang2023CL,
  title         = "A Comprehensive Survey of Continual Learning: Theory, Method
                   and Application",
  author        = "Wang, Liyuan and Zhang, Xingxing and Su, Hang and Zhu, Jun",
  month         =  jan,
  year          =  2023,
  url           = "http://arxiv.org/abs/2302.00487",
  archivePrefix = "arXiv",
  primaryClass  = "cs.LG",
  eprint        = "2302.00487"
}

@INPROCEEDINGS{Knoblauch2020,
  title     = "Optimal Continual Learning has Perfect Memory and is {NP-hard}",
  booktitle = icml,
  author    = "Knoblauch, Jeremias and Husain, Hisham and Diethe, Tom",
  year      =  2020,
  url       = "http://arxiv.org/abs/2006.05188"
}


@article{Dawid99,
 author = "A. P. Dawid and V. Vovk",
 title = "Prequential probability: Principles and properties",
 journal = "Bernoulli",
 year = 1999,
 volume = 5,
 pages = "125--162"
}



@ARTICLE{Gama2013,
  title     = "On evaluating stream learning algorithms",
  author    = "Gama, Jo{\~a}o and Sebasti{\~a}o, Raquel and Rodrigues, Pedro
               Pereira",
  journal   = mlj,
  publisher = "Kluwer Academic Publishers",
  volume    =  90,
  number    =  3,
  pages     = "317--346",
  month     =  mar,
  year      =  2013,
 url  = "https://tinyurl.com/mrxfk4ww"
}

@ARTICLE{Orabona2019,
  title         = "A Modern Introduction to Online Learning",
  author        = "Orabona, Francesco",
  month         =  dec,
  year          =  2019,
  url           = "http://arxiv.org/abs/1912.13213",
  archivePrefix = "arXiv",
  primaryClass  = "cs.LG",
  eprint        = "1912.13213"
}

@INPROCEEDINGS{Huggins2015,
  title     = "Risk and regret of hierarchical Bayesian learners",
  booktitle = icml,
  author    = "Huggins, Jonathan H and Tenenbaum, Joshua B",

  year      =  2015,
  url       = "http://proceedings.mlr.press/v37/hugginsb15.pdf"
}



@INPROCEEDINGS{Xu2021,
  title     = "One-pass Stochastic Gradient Descent in Overparametrized
               Two-layer Neural Networks",
  booktitle = "{AISTATS}",
  author    = "Xu, Jiaming and Zhu, Hanjing",
  month     =  may,
  year      =  2021,
  url       = "http://arxiv.org/abs/2105.00262"
}



@ARTICLE{Cai2019,
  title         = "{Gram-Gauss-Newton} Method: Learning Overparameterized
                   Neural Networks for Regression Problems",
  author        = "Cai, Tianle and Gao, Ruiqi and Hou, Jikai and Chen, Siyu and
                   Wang, Dong and He, Di and Zhang, Zhihua and Wang, Liwei",
  month         =  may,
  year          =  2019,
  url           = "http://arxiv.org/abs/1905.11675",
  archivePrefix = "arXiv",
  primaryClass  = "cs.LG",
  eprint        = "1905.11675"
}


@INPROCEEDINGS{Verma2022,
  title     = "Sequential learning in {GPs} with memory and Bayesian leverage
               score",
  booktitle = "Continual Lifelong Learning Workshop at {ACML} 2022",
  author    = "Verma, Prakhar and Chang, Paul E and Solin, Arno and Khan,
               Mohammad Emtiyaz",
  year      =  2022,
  url       = "https://openreview.net/pdf?id=_RvQKPW8ZCp"
}


@INPROCEEDINGS{Bui2017,
  title     = "Streaming sparse Gaussian process approximations",
  booktitle = "{NIPS}",
  author    = "Bui, Thang D and Nguyen, Cuong V and Turner, Richard E",
  month     =  may,
  year      =  2017,
  url       = "https://proceedings.neurips.cc/paper/2017/file/f31b20466ae89669f9741e047487eb37-Paper.pdf",
  copyright = "http://arxiv.org/licenses/nonexclusive-distrib/1.0/"
}


@ARTICLE{Ghunaim2023,
  title         = "{Real-Time} Evaluation in Online Continual Learning: A New
                   Paradigm",
  author        = "Ghunaim, Yasir and Bibi, Adel and Alhamoud, Kumail and
                   Alfarra, Motasem and Al Kader Hammoud, Hasan Abed and
                   Prabhu, Ameya and Torr, Philip H S and Ghanem, Bernard",
  month         =  feb,
  year          =  2023,
  url           = "http://arxiv.org/abs/2302.01047",
  archivePrefix = "arXiv",
  primaryClass  = "cs.LG",
  eprint        = "2302.01047"
}


@INPROCEEDINGS{Wagner2022,
  title     = "Kalman Bayesian Neural Networks for Closed-form Online Learning",
  booktitle = "{AAAI}",
  author    = "Wagner, Philipp and Wu, Xinyang and Huber, Marco F",
  year      =  2022,
  url       = "http://arxiv.org/abs/2110.00944"
}


@INPROCEEDINGS{Yosui2002,
  title     = "Bayesian on-line learning: a sequential Monte Carlo with
               {Rao-Blackwellization}",
  booktitle = "Proceedings of the 12th {IEEE} Workshop on Neural Networks for
               Signal Processing",
  author    = "Yosui, K and Kurihara, T and Wada, K and Souma, T and Matsumoto,
               T",
  pages     = "99--108",
  month     =  sep,
  year      =  2002,
  url       = "http://dx.doi.org/10.1109/NNSP.2002.1030021"
}


@INPROCEEDINGS{Cai2021,
  title     = "Online Continual Learning with Natural Distribution Shifts: An
               Empirical Study with Visual Data",
  booktitle = "{ICCV}",
  author    = "Cai, Zhipeng and Sener, Ozan and Koltun, Vladlen",
  month     =  aug,
  year      =  2021,
  url       = "http://arxiv.org/abs/2108.09020"
}


@ARTICLE{Mai2022,
  title    = "Online continual learning in image classification: An empirical
              survey",
  author   = "Mai, Zheda and Li, Ruiwen and Jeong, Jihwan and Quispe, David and
              Kim, Hyunwoo and Sanner, Scott",
  journal  = "Neurocomputing",
  volume   =  469,
  pages    = "28--51",
  month    =  jan,
  year     =  2022,
  url      = "https://www.sciencedirect.com/science/article/pii/S0925231221014995",
  keywords = "Incremental learning; Continual learning; Lifelong learning;
              Catastrophic forgetting; Online learning"
}


@ARTICLE{Delange2021,
  title    = "A continual learning survey: Defying forgetting in classification
              tasks",
  author   = "Delange, Matthias and Aljundi, Rahaf and Masana, Marc and
              Parisot, Sarah and Jia, Xu and Leonardis, Ales and Slabaugh, Greg
              and Tuytelaars, Tinne",
  journal  = "IEEE Trans. Pattern Anal. Mach. Intell.",
  volume   = "PP",
  month    =  feb,
  year     =  2021,
  url      = "https://arxiv.org/abs/1909.08383",
  language = "en"
}


@ARTICLE{Mundt2023,
  title   = "A Wholistic View of Continual Learning with Deep Neural Networks:
             Forgotten Lessons and the Bridge to Active and Open World Learning",
  author  = "Mundt, Martin and Hong, Yong Won and Pliushch, Iuliia and Ramesh,
             Visvanathan",
  journal = "Neural Netw.",
  year    =  2023,
  url     = "http://arxiv.org/abs/2009.01797"
}


@ARTICLE{Watanabe1990,
  title   = "Learning algorithms for neural networks with the Kalman filters",
  author  = "Watanabe, Keigo and Tzafestas, Spyros G",
  journal = "J. Intell. Rob. Syst.",
  volume  =  3,
  number  =  4,
  pages   = "305--319",
  month   =  dec,
  year    =  1990,
  url     = "https://doi.org/10.1007/BF00439421"
}


@ARTICLE{Barrau2018,
  title     = "Invariant Kalman Filtering",
  author    = "Barrau, Axel and Bonnabel, Silv{\`e}re",
  journal   = "Annu. Rev. Control Robot. Auton. Syst.",
  publisher = "Annual Reviews",
  volume    =  1,
  number    =  1,
  pages     = "237--257",
  month     =  may,
  year      =  2018,
  url       = "https://doi.org/10.1146/annurev-control-060117-105010"
}


@ARTICLE{Ditzler2015,
  title    = "Learning in Nonstationary Environments: A Survey",
  author   = "Ditzler, Gregory and Roveri, Manuel and Alippi, Cesare and
              Polikar, Robi",
  journal  = "IEEE Comput. Intell. Mag.",
  volume   =  10,
  number   =  4,
  pages    = "12--25",
  month    =  nov,
  year     =  2015,
  url      = "http://dx.doi.org/10.1109/MCI.2015.2471196",
  keywords = "Feature extraction;Training;Adaptation models;Algorithm design
              and analysis;Probability distribution;Sensor phenomena and
              characterization;Learning systems;Biological system
              modeling;Behavioral science"
}


@INPROCEEDINGS{Su2008,
  title     = "Modeling concept drift from the perspective of classifiers",
  booktitle = "2008 {IEEE} Conference on Cybernetics and Intelligent Systems",
  author    = "Su, Bai and Shen, Yi-Dong and Xu, Wei",
  pages     = "1055--1060",
  month     =  sep,
  year      =  2008,
  url       = "http://dx.doi.org/10.1109/ICCIS.2008.4670840",
  keywords  = "Data mining;Probability distribution;National electric
               code;Laboratories;Databases;Error analysis;Parametric
               statistics;Parameter estimation;Predictive models;Data
               Streams;Classification;Concept Drift"
}


@ARTICLE{DeVilmarest2021,
  title    = "Stochastic Online Optimization using Kalman Recursion",
  author   = "de Vilmarest, Joseph and Wintenberger, Olivier",
  journal  = "J. Mach. Learn. Res.",
  volume   =  22,
  number   =  223,
  pages    = "1--55",
  year     =  2021,
  url      = "https://www.jmlr.org/papers/v22/20-618.html"
}

